% acmtr.bib
% $Header: acmtr.bib,v 1.3 96/01/30 14:27:43 boyland Exp $

@book {NR,
author = "W. H. Press and S. A. Teukolsky and W. T. Vetterling and B. P. Flannery",
title = "Numerical Recipes in C, The Art of Scientific Computing",
edition = "2",
note = "Acrobat Edition, version 2.10",
publisher = "Cambridge University Press",
address = "Cambridge, England",
year = "2002"}

@book {knuth:bible,
author = "D. E. Knuth",
title = "The Art of Computer Programming. Vol.2. Seminumerical Algorithms",
edition = "3rd",
publisher = "Addison-Wesley",
address = "Reading, Mass.",
year = "1997"}

@article {MRG,
author = "P. L'Ecuyer",
title = "A search for good multiple recursive random number genarators",
journal = "ACM Transactions on Modeling and Computer Simulation",
volume = "3",
year = "1993",
pages = "87-98",
number = "2",
month = "April"}

@article {CLT,
author = "R. Couture and P. L'Ecuyer and S. Tezuka",
title = "On the distribution of k-dimensional  vectors for simple and combined Tausworthe sequences",
journal = "Math. Comp.",
volume = "60",
year = "1993",
pages = "749-761",
number = "202",
}
%month = "apr"

@article {WELL,
author = "F. Panneton and P. L'Ecuyer and M. Matsumoto",
title = "Improved Long-Period Generators Based on Linear Reccurences Modulo 2",
journal = "ACM Transactions on Mathematical Software",
volume = "32",
year = "2006",
pages = "1-16",
number = "1",
}

@article {XORSHIFT,
author = "F. Panneton and P. L'Ecuyer",
title = "On the {Xorshift} Random Number Generators",
journal = "ACM Transactions on Modeling and Computer Simulation",
volume = "15",
year = "2005",
pages = "346-361",
number = "4",
}

@article {XORSHIFT-MAR,
author = "G. Marsaglia",
title = "Xorshift {RNGs}",
journal = "Journal of Statistical Software",
volume = "8",
year = "2003",
pages = "1-6",
number = "14",
}

@inproceedings{BRENT,
author = "R.P. Brent and P. Zimmermann",
title = "Random number generators with period divisible by a Mersenne prime",
booktitle = "Computational Science and its Applications - ICCSA 2003",
journal = "LNCS",
volume = "2667",
year = "2003",
pages = "1--10",
}

@article{BRENT-PRIM,
author = "R.P. Brent and P. Zimmermann",
title = "Algorithms for finding almost irreducible and almost primitive trinomials",
journal = "Fields Inst. Commun.",
volume = "41",
year = "2004",
pages = "91--102",
}

@ARTICLE {FUSHIMI90,
AUTHOR="M. Fushimi",
TITLE="Random Number Generation with the Recursion
   $X_t = X_{t-3p}\oplus X_{t-3q}$",
JOURNAL={Journal of Computational and Applied Mathematics},
VOLUME={31},
YEAR={1990},
PAGES={105--118}  }

@article {GFSR,
author = "T.G. Lewis and W.H. Payne",
title = "Generalized feedback shift register pseudorandom number algorithms",
journal = "Journal of ACM",
volume = "20",
year = "1973",
pages = "456--468",
}

@article {CMRG,
author = "P. L'Ecuyer",
title = "Combined Multiple Recursive Random Number Generators",
journal = "Operations Research",
volume = "44",
year = "1996",
pages = "816-822",
number = "5",
}

@misc{SPRNG,
author = "SPRNG",
title = "SPRNG Home",
note = "http://sprng.cs.fsu.edu/"}

@misc{SFMT,
author = "M. Saito and M. Matsumoto",
title = "{SFMT Homepage}",
note = "\url{http://www.math.sci.hiroshima-u.ac.jp/~m-mat/MT/SFMT/index.html}"}

@misc{GSL,
author = "GNU",
title = "GNU Scientific Library version1.6",
note = "http://www.gnu.org/software/gsl/ ",
year ="2004",
month = dec}

@article{GGL,
author = "S. K. Park and K. W. Miller",
title = "Random number generators: good ones are hard to find",
journal = "Communications of the ACM",
volume = "31",
year = "1988",
pages = "1192-1201",
number = "10",
month = oct}

@article{JAMES,
author = "F. James",
title = "RANLUX: A Fortran implementation of the high-quality pseudorandom number generator of L{\"u}scher",
journal = "Computer Physics Communications",
volume = "79",
year = "1994",
pages = "111-114",
number = "1",
month = feb}

@article{Differential,
author = "E. Biham and A. Shamir",
title = "Differential cryptanalysis of {DES}-like cryptosystems",
journal = "Journal of Cryptology",
volume = "4",
year = "1991",
pages = "3-72",
number = "1"
}
%month = feb

@article{Matteis1,
author = "A. De Matteis and S. Pagnutti",
title = "Parallelization of random number generators and long-range correlations",
journal = "Numerische Mathematik",
volume = "53",
year = "1988",
pages = "595-608"}

@article{Matteis2,
author = "A. De Matteis and S. Pagnutti",
title = "Long-range correlations in linear and non-linear random number generators",
journal = "Parallel Computing",
volume = "14",
year = "1990",
pages = "207-210",
number = "2",
month = jun}

@article{Mascagni,
author = "M. Mascagni and A. Srinvasan",
title = "Parameterizing parallel multiplicative lagged-Fibonacci generators",
journal = "Parallel Computing",
volume = "30",
year = "2004",
pages = "899--916",
number = "7",
month = jul}

@inproceedings{Linear,
author = "M. Matsui",
title = "Linear cryptanalysis method for {DES} cipher",
booktitle = "Advances in Cryptology, Proceedings Eurocrypt '93, LNCS",
volume = "765",
year = "1994",
pages = "386--397"
}
%number = "7",
%month = jul

@article{TGFSRII,
author = "M. Matsumoto and Y. Kurita",
title = "Twisted GFSR Generators II",
journal = "ACM Trans. on Modeling and Computer Simulation",
volume = "4",
year = "1994",
pages = "254-266",
number = "3",
note = "http://www.math.sci.hiroshima-u.ac.jp/\~{}m-mat/MT/emt.html"
}
%month = july,

@article{MT,
author = "M. Matsumoto and T. Nishimura",
title = "Mersenne Twister: A 623-dimensionally equidistributed uniform pseudorandom number generator",
journal = "ACM Trans. on Modeling and Computer Simulation",
volume = "8",
year = "1998",
pages = "3-30",
number = "1",
month = jan,
note = "{\tt http://www.math.sci.hiroshima-u.ac.jp/\~{}m-mat/MT/emt.html}"
}

@inproceedings{DC,
author = "M. Matsumoto and T. Nishimura",
title = "Dynamic Creation of Pseudorandom number generator",
booktitle = "Monte Carlo and Quasi-Monte Carlo Methods 1998",
publisher = "Springer-Verlag",
pages = "56-69",
year = "2000",
}

@inproceedings{TESTWEIGHT,
author = "M. Matsumoto and T. Nishimura",
title = "A Nonempirical Test on 
the Weight of Pseudorandom Number Generators",
booktitle = "Monte Carlo and Quasi-Monte Carlo methods 2000",
publisher = "Springer-Verlag",
year = "2002",
pages = "381-395",
}
%month = jan,

@article{SUM,
author = "M. Matsumoto and T. Nishimura",
title = "Sum-discrepancy test on pseudorandom number generators",
journal = "Mathematics and Computers in Simulation",
volume = "62",
year = "2003",
pages = "431-442",
number = "3-61"
}

@article{PMT,
author = "M. Saito and H. Haramoto and F. Panneton and T. Nishimura and M. Matsumoto",
title = "Pulmonary {LFSR}: pseudorandom number generators with 
multiple feedbacks and reducible transitions",
year = "2006",
note = "submitted",
}

@article{VAT,
author = "I. Vattulainen and T. Ala-Nissila and K. Kankaala",
title = " Physical models as tests of randomness",
journal = "Phisical Review E",
volume = "52",
year = "1995",
pages = "3205--3214",
number = "3",
month = sep}

@techreport{VAT2,
author = "I. Vattulainen",
title = "New tests of random numbers for simulations in physical systems",
institution = "Reserch Institute for Theoretical Phisics, University of Helsinki",
type = "Report series in theoretical physics",
number = "HU-TFT-IR-94-4",
year = "1994",
month = nov,
note = "cond-mat@babbage.sissa.it/No.9411062"
}

@article{VAT3,
author = "I.Vattulainen",
title = "Framework for testing random numbers in parallel calculations",
journal = "Rhisical Review E",
volume = "59",
year = "1999",
pages = "7200--7204",
number = "6",
month = jun}

@article{Sykes,
author = " M. F. Sykes and M. Glen",
title = "Percolation processes in two dimensions. I. Low-density series expansions",
journal = "Journal of Physics A: Mathematical and General",
volume = "9",
year = "1976",
pages = "87-96",
number = "1",
month = jan}

@article{RANLUX,
author = "M. L{\"u}scher",
title = "A portable high-quality random number generator for lattice
field theory simulations",
journal = "Computer Physics Communications",
volume =  "79",
year = "1994",
pages = "100--110",
number = "1",
month = feb}


@mastersthesis{ko94,
author = "Jacob Kornerup",
title = "Mapping Powerlists onto Hypercubes",
school = "The University of Texas at Austin",
note = "(In preparation)",
year = "1994"}
%month = "dec",}

@PhdThesis{gerndt:89,
  author =       "Michael Gerndt",
  title =        "Automatic Parallelization for Distributed-Memory
                  Multiprocessing Systems",
  school =       "University of Bonn",
  year =         1989,
  address =      "Bonn, Germany",
  month =        dec
}

@article{6:1:1,
author = "J. E. {Archer, Jr.} and R. Conway and F. B. Schneider",
title = "User recovery and reversal in interactive systems",
journal = "ACM Trans. Program. Lang. Syst.",
volume =  "6",
number = "1",
month = jan,
year = 1984,
pages = "1--19"}

@article{7:1:137,
author = "D. D. Dunlop and V. R. Basili",
title = "Generalizing specifications for uniformly implemented loops",
journal = "ACM Trans. Program. Lang. Syst.",
volume =  "7",
number = "1",
month = jan,
year = 1985,
pages = "137--158"}

@article{7:2:183,
author = "J. Heering and P. Klint",
title = "Towards monolingual programming environments",
journal = "ACM Trans. Program. Lang. Syst.",
volume =  "7",
number = "2",
month = apr,
year = 1985,
pages = "183--213"}

@book{knuth:texbook,
author = "Donald E. Knuth",
title = "The {\TeX{}book}",
publisher = "Addison-Wesley",
address = "Reading, Mass.",
year = 1984}

@article{6:3:380,
author = "E. Korach and D.  Rotem and N. Santoro",
title = "Distributed algorithms for finding centers and medians in networks",
journal = "ACM Trans. Program. Lang. Syst.",
volume =  "6",
number = "3",
month = jul,
year = 1984,
pages = "380--401"}

@book{lamport:latex,
author = "Leslie Lamport",
title = "\it {\LaTeX}: A Document Preparation System",
publisher = "Addison-Wesley",
address = "Reading, Mass.",
year = 1986}

@article{7:3:359,
author = "F. Nielson",
title = "Program transformations in a denotational setting",
journal = "ACM Trans. Program. Lang. Syst.",
volume =  "7",
number = "3",
month = jul,
year = 1985,
pages = "359--379"}

%testing
@article{test,
author = "F. Nielson",
title = "Program transformations in a denotational setting",
journal = "ACM Trans. Program. Lang. Syst.",
volume =  "7",
number = "3",
month = jul,
year = 1986,
pages = "359--379"}


@inproceedings{reid:scribe,
author = "Brian K. Reid",
title = "A high-level approach to computer document formatting",
booktitle = "Proceedings of the 7th Annual Symposium on Principles of
  Programming Languages",
month = jan,
year = 1980,
publisher = "ACM",
address = "New York",		  
pages = "24--31"}
